<?xml version="1.0" encoding="UTF-8"?>
  <record xmlns="http://www.loc.gov/MARC21/slim" type="Authority">
    <leader>00000nz  a2200000nc 4500</leader>
    <controlfield tag="001">101006918</controlfield>
    <controlfield tag="003">DE-101</controlfield>
    <controlfield tag="005">20220309170725.0</controlfield>
    <controlfield tag="008">910916n||azznnaabn           | aaa    |c</controlfield>
    <datafield tag="024" ind1="7" ind2=" ">
      <subfield code="a">101006918</subfield>
      <subfield code="0">http://d-nb.info/gnd/101006918</subfield>
      <subfield code="2">gnd</subfield>
    </datafield>
    <datafield tag="035" ind1=" " ind2=" ">
      <subfield code="a">(DE-101)101006918</subfield>
    </datafield>
    <datafield tag="035" ind1=" " ind2=" ">
      <subfield code="a">(DE-588)101006918</subfield>
    </datafield>
    <datafield tag="035" ind1=" " ind2=" ">
      <subfield code="z">(DE-588)1089751699</subfield>
    </datafield>
    <datafield tag="035" ind1=" " ind2=" ">
      <subfield code="z">(DE-588)1089883803</subfield>
    </datafield>
    <datafield tag="035" ind1=" " ind2=" ">
      <subfield code="z">(DE-588a)101006918</subfield>
      <subfield code="9">v:zg</subfield>
    </datafield>
    <datafield tag="035" ind1=" " ind2=" ">
      <subfield code="z">(DE-588a)119718049</subfield>
    </datafield>
    <datafield tag="040" ind1=" " ind2=" ">
      <subfield code="a">DE-12</subfield>
      <subfield code="c">DE-12</subfield>
      <subfield code="9">r:DE-12</subfield>
      <subfield code="b">ger</subfield>
      <subfield code="d">9999</subfield>
    </datafield>
    <datafield tag="042" ind1=" " ind2=" ">
      <subfield code="a">gnd1</subfield>
    </datafield>
    <datafield tag="043" ind1=" " ind2=" ">
      <subfield code="c">XA-ES</subfield>
      <subfield code="c">XA-FR</subfield>
    </datafield>
    <datafield tag="065" ind1=" " ind2=" ">
      <subfield code="a">11.2p</subfield>
      <subfield code="2">sswd</subfield>
    </datafield>
    <datafield tag="065" ind1=" " ind2=" ">
      <subfield code="a">27.20p</subfield>
      <subfield code="2">sswd</subfield>
    </datafield>
    <datafield tag="075" ind1=" " ind2=" ">
      <subfield code="b">p</subfield>
      <subfield code="2">gndgen</subfield>
    </datafield>
    <datafield tag="075" ind1=" " ind2=" ">
      <subfield code="b">piz</subfield>
      <subfield code="2">gndspec</subfield>
    </datafield>
    <datafield tag="079" ind1=" " ind2=" ">
      <subfield code="a">g</subfield>
      <subfield code="q">f</subfield>
      <subfield code="q">n</subfield>
      <subfield code="q">s</subfield>
      <subfield code="u">v</subfield>
    </datafield>
    <datafield tag="100" ind1="1" ind2=" ">
      <subfield code="a">Ibn Tibon, Yehudah</subfield>
      <subfield code="d">1120-1190</subfield>
    </datafield>
    <datafield tag="400" ind1="1" ind2=" ">
      <subfield code="a">Ibn-Tibbôn, Yehûdā Ben-Šāʾûl</subfield>
      <subfield code="d">1120-1190</subfield>
      <subfield code="9">v:DIN Stand 1982</subfield>
    </datafield>
    <datafield tag="400" ind1="0" ind2=" ">
      <subfield code="a">Jehudah Aben Tybbon</subfield>
      <subfield code="d">1120-1190</subfield>
    </datafield>
    <datafield tag="400" ind1="0" ind2=" ">
      <subfield code="a">Yehudah ibn Tibon</subfield>
      <subfield code="d">1120-1190</subfield>
    </datafield>
    <datafield tag="400" ind1="0" ind2=" ">
      <subfield code="a">Yehûdā Ibn Tibbôn</subfield>
      <subfield code="d">1120-1190</subfield>
    </datafield>
    <datafield tag="400" ind1="0" ind2=" ">
      <subfield code="a">Yehudah n. Tibon</subfield>
      <subfield code="d">1120-1190</subfield>
    </datafield>
    <datafield tag="400" ind1="1" ind2=" ">
      <subfield code="a">Ibn Tibon, Yehudah ben Shaʾul</subfield>
      <subfield code="d">1120-1190</subfield>
    </datafield>
    <datafield tag="400" ind1="1" ind2=" ">
      <subfield code="a">Ibn Tibbôn, Yehûdā Ben-Šāʾûl</subfield>
      <subfield code="d">1120-1190</subfield>
    </datafield>
    <datafield tag="400" ind1="1" ind2=" ">
      <subfield code="a">Ibn Tibbôn, Jehûdā Ben-Šāʾûl</subfield>
      <subfield code="d">1120-1190</subfield>
    </datafield>
    <datafield tag="400" ind1="1" ind2=" ">
      <subfield code="a">Ibn Tibbon, Yehuda ben Šaʾul</subfield>
      <subfield code="d">1120-1190</subfield>
    </datafield>
    <datafield tag="400" ind1="1" ind2=" ">
      <subfield code="a">Ibn Tibbôn, Yehûdā</subfield>
      <subfield code="d">1120-1190</subfield>
    </datafield>
    <datafield tag="400" ind1="1" ind2=" ">
      <subfield code="a">Ibn-Tibbôn, Yehûdā</subfield>
      <subfield code="d">1120-1190</subfield>
    </datafield>
    <datafield tag="400" ind1="1" ind2=" ">
      <subfield code="a">Ibn-Tibbôn, Jehûdā</subfield>
      <subfield code="d">1120-1190</subfield>
    </datafield>
    <datafield tag="400" ind1="0" ind2=" ">
      <subfield code="a">Yeuda Aben Tibon</subfield>
      <subfield code="d">1120-1190</subfield>
    </datafield>
    <datafield tag="400" ind1="0" ind2=" ">
      <subfield code="a">Jehuda Ibn Tibbon</subfield>
      <subfield code="d">1120-1190</subfield>
    </datafield>
    <datafield tag="400" ind1="1" ind2=" ">
      <subfield code="a">Aben Tybbon, Jehudah</subfield>
      <subfield code="d">1120-1190</subfield>
    </datafield>
    <datafield tag="400" ind1="1" ind2=" ">
      <subfield code="a">Tybbon, Jehudah A.</subfield>
      <subfield code="d">1120-1190</subfield>
    </datafield>
    <datafield tag="400" ind1="1" ind2=" ">
      <subfield code="a">Tybbon, Jehudah Aben</subfield>
      <subfield code="d">1120-1190</subfield>
    </datafield>
    <datafield tag="400" ind1="0" ind2=" ">
      <subfield code="a">Jehuda ben Tibbon</subfield>
      <subfield code="d">1120-1190</subfield>
    </datafield>
    <datafield tag="400" ind1="0" ind2=" ">
      <subfield code="a">Juda ben Saul ibn Tibbon</subfield>
      <subfield code="d">1120-1190</subfield>
    </datafield>
    <datafield tag="400" ind1="0" ind2=" ">
      <subfield code="a">Yehuda ben Saul</subfield>
      <subfield code="d">1120-1190</subfield>
    </datafield>
    <datafield tag="400" ind1="0" ind2=" ">
      <subfield code="a">Yehudah ben Shaʾul ibn Tibon</subfield>
      <subfield code="d">1120-1190</subfield>
    </datafield>
    <datafield tag="400" ind1="0" ind2=" ">
      <subfield code="a">Yehûdā ben Šāʾûl Ibn-Tibbôn</subfield>
      <subfield code="d">1120-1190</subfield>
    </datafield>
    <datafield tag="400" ind1="0" ind2=" ">
      <subfield code="a">Jehûdā ben Šāʾûl Ibn-Tibbôn</subfield>
      <subfield code="d">1120-1190</subfield>
    </datafield>
    <datafield tag="400" ind1="0" ind2=" ">
      <subfield code="a">Jehuda Ibn Tabbon</subfield>
      <subfield code="d">1120-1190</subfield>
    </datafield>
    <datafield tag="400" ind1="0" ind2=" ">
      <subfield code="a">Jehūdā Ibn-Tibbōn</subfield>
      <subfield code="d">1120-1190</subfield>
    </datafield>
    <datafield tag="400" ind1="0" ind2=" ">
      <subfield code="a">Aben Tybbon</subfield>
      <subfield code="d">1120-1190</subfield>
    </datafield>
    <datafield tag="400" ind1="0" ind2=" ">
      <subfield code="a">Ibn-Tibbōn</subfield>
      <subfield code="d">1120-1190</subfield>
    </datafield>
    <datafield tag="400" ind1="0" ind2=" ">
      <subfield code="a">Jehuda Aben Tybbon</subfield>
      <subfield code="d">1120-1190</subfield>
    </datafield>
    <datafield tag="400" ind1="0" ind2=" ">
      <subfield code="a">Jehuda ben Saul Aben Tibbon</subfield>
      <subfield code="d">1120-1190</subfield>
    </datafield>
    <datafield tag="400" ind1="0" ind2=" ">
      <subfield code="a">Jehuda</subfield>
      <subfield code="c">ibn Tibbon</subfield>
      <subfield code="d">1120-1190</subfield>
    </datafield>
    <datafield tag="400" ind1="0" ind2=" ">
      <subfield code="a">Jehudah ibn Tibbon</subfield>
      <subfield code="d">1120-1190</subfield>
    </datafield>
    <datafield tag="400" ind1="0" ind2=" ">
      <subfield code="a">Yehudah ibn Tibon Sefarad</subfield>
      <subfield code="d">1120-1190</subfield>
    </datafield>
    <datafield tag="400" ind1="0" ind2=" ">
      <subfield code="a">Jehuda Ibn Tibon</subfield>
      <subfield code="d">1120-1190</subfield>
    </datafield>
    <datafield tag="400" ind1="0" ind2=" ">
      <subfield code="a">Yehuda ben Šmuel ibn Tibbon</subfield>
      <subfield code="d">1120-1190</subfield>
    </datafield>
    <datafield tag="400" ind1="0" ind2=" ">
      <subfield code="a">Judah ibn Tibbon</subfield>
      <subfield code="d">1120-1190</subfield>
    </datafield>
    <datafield tag="400" ind1="0" ind2=" ">
      <subfield code="a">Judah ben Saul ibn Tibbon</subfield>
      <subfield code="d">1120-1190</subfield>
    </datafield>
    <datafield tag="400" ind1="0" ind2=" ">
      <subfield code="a">Iuda ibn Tibbon</subfield>
      <subfield code="d">1120-1190</subfield>
    </datafield>
    <datafield tag="400" ind1="1" ind2=" ">
      <subfield code="a">Ibn-Tibbôn, Jehûdā Ben-S̆ā'ûl</subfield>
      <subfield code="d">1120-1190</subfield>
    </datafield>
    <datafield tag="400" ind1="1" ind2=" ">
      <subfield code="a">Aben Tibbon, Jehuda Ben Saul</subfield>
      <subfield code="d">1120-1190</subfield>
    </datafield>
    <datafield tag="400" ind1="1" ind2=" ">
      <subfield code="a">Ibn Tibbon, Jehuda</subfield>
      <subfield code="d">1120-1190</subfield>
    </datafield>
    <datafield tag="400" ind1="1" ind2=" ">
      <subfield code="a">Tibbon, Jehuda</subfield>
      <subfield code="d">1120-1190</subfield>
    </datafield>
    <datafield tag="400" ind1="1" ind2=" ">
      <subfield code="a">Ibn Tibon, Jehuda</subfield>
      <subfield code="d">1120-1190</subfield>
    </datafield>
    <datafield tag="400" ind1="1" ind2=" ">
      <subfield code="a">Aben Tibon, Jeuda</subfield>
      <subfield code="d">1120-1190</subfield>
    </datafield>
    <datafield tag="400" ind1="1" ind2=" ">
      <subfield code="a">Ibn Tibbon, Judah ben Saul</subfield>
      <subfield code="d">1120-1190</subfield>
      <subfield code="9">v:VD-16</subfield>
    </datafield>
    <datafield tag="400" ind1="1" ind2=" ">
      <subfield code="a">Ibn-Tibbon, Judah ben Saul</subfield>
      <subfield code="d">1120-1190</subfield>
    </datafield>
    <datafield tag="400" ind1="1" ind2=" ">
      <subfield code="a">Ibn-Tibbôn, Yehu͠dā Ben-Šā'ûl</subfield>
      <subfield code="d">1120-1190</subfield>
    </datafield>
    <datafield tag="400" ind1="1" ind2=" ">
      <subfield code="a">Ibn Tibbôn, Yĕhûdā Ben Šāʾûl</subfield>
      <subfield code="d">1120-1190</subfield>
    </datafield>
    <datafield tag="400" ind1="1" ind2=" ">
      <subfield code="a">Ben Tibbôn, Yĕhûdā</subfield>
      <subfield code="d">1120-1190</subfield>
    </datafield>
    <datafield tag="400" ind1="1" ind2=" ">
      <subfield code="a">Tibbon, Juda</subfield>
      <subfield code="d">1120-1190</subfield>
    </datafield>
    <datafield tag="400" ind1="1" ind2=" ">
      <subfield code="a">Tibon, Yehudah ibn</subfield>
      <subfield code="d">1120-1190</subfield>
    </datafield>
    <datafield tag="400" ind1="1" ind2=" ">
      <subfield code="a">Tibbon, Yehuda ibn</subfield>
      <subfield code="d">1120-1190</subfield>
    </datafield>
    <datafield tag="400" ind1="1" ind2=" ">
      <subfield code="a">Tibbon, Judah ibn</subfield>
      <subfield code="d">1120-1190</subfield>
    </datafield>
    <datafield tag="400" ind1="1" ind2=" ">
      <subfield code="a">Ibn-Tibon, Yehudah</subfield>
      <subfield code="d">1120-1190</subfield>
    </datafield>
    <datafield tag="400" ind1="1" ind2=" ">
      <subfield code="a">Tibon, Jehuda ibn</subfield>
      <subfield code="d">1120-1190</subfield>
    </datafield>
    <datafield tag="400" ind1="1" ind2=" ">
      <subfield code="a">Tibbon, Iuda ibn</subfield>
      <subfield code="d">1120-1190</subfield>
    </datafield>
    <datafield tag="400" ind1="1" ind2=" ">
      <subfield code="9">U:Hebr</subfield>
      <subfield code="a">אבן תבון, יהודה בן שאול</subfield>
      <subfield code="d">1120-1190</subfield>
    </datafield>
    <datafield tag="400" ind1="1" ind2=" ">
      <subfield code="9">U:Hebr</subfield>
      <subfield code="a">אבן תיבון, יהודה בן שאול</subfield>
      <subfield code="d">1120-1190</subfield>
    </datafield>
    <datafield tag="400" ind1="1" ind2=" ">
      <subfield code="9">U:Hebr</subfield>
      <subfield code="a">אבן תבון, יהודה</subfield>
      <subfield code="d">1120-1190</subfield>
    </datafield>
    <datafield tag="400" ind1="1" ind2=" ">
      <subfield code="9">U:Hebr</subfield>
      <subfield code="a">אבן תיבון, יהודה</subfield>
      <subfield code="d">1120-1190</subfield>
    </datafield>
    <datafield tag="400" ind1="1" ind2=" ">
      <subfield code="9">U:Hebr</subfield>
      <subfield code="a">תבון, יהודה</subfield>
      <subfield code="d">1120-1190</subfield>
    </datafield>
    <datafield tag="400" ind1="1" ind2=" ">
      <subfield code="9">U:Hebr</subfield>
      <subfield code="a">תיבון, יהודה</subfield>
      <subfield code="d">1120-1190</subfield>
    </datafield>
    <datafield tag="400" ind1="0" ind2=" ">
      <subfield code="9">U:Hebr</subfield>
      <subfield code="a">יהודה בן שאול אבן תבון</subfield>
      <subfield code="d">1120-1190</subfield>
    </datafield>
    <datafield tag="400" ind1="0" ind2=" ">
      <subfield code="9">U:Hebr</subfield>
      <subfield code="a">יהודה אבן תבון</subfield>
      <subfield code="d">1120-1190</subfield>
    </datafield>
    <datafield tag="400" ind1="0" ind2=" ">
      <subfield code="9">U:Hebr</subfield>
      <subfield code="a">יהודה אבן תיבון</subfield>
      <subfield code="d">1120-1190</subfield>
    </datafield>
    <datafield tag="400" ind1="0" ind2=" ">
      <subfield code="9">U:Hebr</subfield>
      <subfield code="a">יהודה תבון</subfield>
      <subfield code="d">1120-1190</subfield>
    </datafield>
    <datafield tag="400" ind1="0" ind2=" ">
      <subfield code="9">U:Hebr</subfield>
      <subfield code="a">יהודה תיבון</subfield>
      <subfield code="d">1120-1190</subfield>
    </datafield>
    <datafield tag="400" ind1="0" ind2=" ">
      <subfield code="9">U:Hebr</subfield>
      <subfield code="a">יהודה אבן תבון ספרד</subfield>
      <subfield code="d">1120-1190</subfield>
    </datafield>
    <datafield tag="400" ind1="0" ind2=" ">
      <subfield code="9">U:Hebr</subfield>
      <subfield code="a">יהודה ןʹ תבון</subfield>
      <subfield code="d">1120-1190</subfield>
    </datafield>
    <datafield tag="400" ind1="1" ind2=" ">
      <subfield code="9">U:Hebr</subfield>
      <subfield code="a">תבון, יהודה ןʹ</subfield>
      <subfield code="d">1120-1190</subfield>
    </datafield>
    <datafield tag="500" ind1="1" ind2=" ">
      <subfield code="0">(DE-101)119719320</subfield>
      <subfield code="0">(DE-588)119719320</subfield>
      <subfield code="0">https://d-nb.info/gnd/119719320</subfield>
      <subfield code="a">Isaac, Johannes</subfield>
      <subfield code="4">beza</subfield>
      <subfield code="4">https://d-nb.info/standards/elementset/gnd#acquaintanceshipOrFriendship</subfield>
      <subfield code="w">r</subfield>
      <subfield code="i">Bekanntschaft</subfield>
      <subfield code="e">Bekanntschaft</subfield>
      <subfield code="9">v:VD-16 Mitverf.</subfield>
    </datafield>
    <datafield tag="500" ind1="1" ind2=" ">
      <subfield code="0">(DE-101)11975066X</subfield>
      <subfield code="0">(DE-588)11975066X</subfield>
      <subfield code="0">https://d-nb.info/gnd/11975066X</subfield>
      <subfield code="a">Magnus, Matthias</subfield>
      <subfield code="4">beza</subfield>
      <subfield code="4">https://d-nb.info/standards/elementset/gnd#acquaintanceshipOrFriendship</subfield>
      <subfield code="w">r</subfield>
      <subfield code="i">Bekanntschaft</subfield>
      <subfield code="e">Bekanntschaft</subfield>
      <subfield code="9">v:VD-16 Mitverf.</subfield>
    </datafield>
    <datafield tag="500" ind1="1" ind2=" ">
      <subfield code="0">(DE-101)119755971</subfield>
      <subfield code="0">(DE-588)119755971</subfield>
      <subfield code="0">https://d-nb.info/gnd/119755971</subfield>
      <subfield code="a">Matthisius, Gerhard</subfield>
      <subfield code="d">1522-1572</subfield>
      <subfield code="4">beza</subfield>
      <subfield code="4">https://d-nb.info/standards/elementset/gnd#acquaintanceshipOrFriendship</subfield>
      <subfield code="w">r</subfield>
      <subfield code="i">Bekanntschaft</subfield>
      <subfield code="e">Bekanntschaft</subfield>
      <subfield code="9">v:VD-16 Mitverf.</subfield>
    </datafield>
    <datafield tag="548" ind1=" " ind2=" ">
      <subfield code="a">1120-1190</subfield>
      <subfield code="4">datl</subfield>
      <subfield code="4">https://d-nb.info/standards/elementset/gnd#dateOfBirthAndDeath</subfield>
      <subfield code="w">r</subfield>
      <subfield code="i">Lebensdaten</subfield>
      <subfield code="9">v:Sterbejahr ca.</subfield>
    </datafield>
    <datafield tag="550" ind1=" " ind2=" ">
      <subfield code="0">(DE-101)04061414X</subfield>
      <subfield code="0">(DE-588)4061414-1</subfield>
      <subfield code="0">https://d-nb.info/gnd/4061414-1</subfield>
      <subfield code="a">Übersetzer</subfield>
      <subfield code="4">berc</subfield>
      <subfield code="4">https://d-nb.info/standards/elementset/gnd#professionOrOccupation</subfield>
      <subfield code="w">r</subfield>
      <subfield code="i">Charakteristischer Beruf</subfield>
    </datafield>
    <datafield tag="550" ind1=" " ind2=" ">
      <subfield code="0">(DE-101)040031578</subfield>
      <subfield code="0">(DE-588)4003157-3</subfield>
      <subfield code="0">https://d-nb.info/gnd/4003157-3</subfield>
      <subfield code="a">Arzt</subfield>
      <subfield code="4">beru</subfield>
      <subfield code="4">https://d-nb.info/standards/elementset/gnd#professionOrOccupation</subfield>
      <subfield code="w">r</subfield>
      <subfield code="i">Beruf</subfield>
    </datafield>
    <datafield tag="550" ind1=" " ind2=" ">
      <subfield code="0">(DE-101)041452453</subfield>
      <subfield code="0">(DE-588)4145245-8</subfield>
      <subfield code="0">https://d-nb.info/gnd/4145245-8</subfield>
      <subfield code="a">Bibliophiler</subfield>
      <subfield code="4">beru</subfield>
      <subfield code="4">https://d-nb.info/standards/elementset/gnd#professionOrOccupation</subfield>
      <subfield code="w">r</subfield>
      <subfield code="i">Beruf</subfield>
    </datafield>
    <datafield tag="551" ind1=" " ind2=" ">
      <subfield code="0">(DE-101)040218155</subfield>
      <subfield code="0">(DE-588)4021815-6</subfield>
      <subfield code="0">https://d-nb.info/gnd/4021815-6</subfield>
      <subfield code="a">Granada</subfield>
      <subfield code="4">ortg</subfield>
      <subfield code="4">https://d-nb.info/standards/elementset/gnd#placeOfBirth</subfield>
      <subfield code="w">r</subfield>
      <subfield code="i">Geburtsort</subfield>
    </datafield>
    <datafield tag="551" ind1=" " ind2=" ">
      <subfield code="0">(DE-101)04037694X</subfield>
      <subfield code="0">(DE-588)4037694-1</subfield>
      <subfield code="0">https://d-nb.info/gnd/4037694-1</subfield>
      <subfield code="a">Marseille</subfield>
      <subfield code="4">orts</subfield>
      <subfield code="4">https://d-nb.info/standards/elementset/gnd#placeOfDeath</subfield>
      <subfield code="w">r</subfield>
      <subfield code="i">Sterbeort</subfield>
    </datafield>
    <datafield tag="667" ind1=" " ind2=" ">
      <subfield code="a">12</subfield>
    </datafield>
    <datafield tag="667" ind1=" " ind2=" ">
      <subfield code="a">384</subfield>
    </datafield>
    <datafield tag="667" ind1=" " ind2=" ">
      <subfield code="a">12-PMA:Suppl.</subfield>
    </datafield>
    <datafield tag="667" ind1=" " ind2=" ">
      <subfield code="a">7</subfield>
    </datafield>
    <datafield tag="667" ind1=" " ind2=" ">
      <subfield code="a">VD-17</subfield>
    </datafield>
    <datafield tag="667" ind1=" " ind2=" ">
      <subfield code="a">VD-16</subfield>
    </datafield>
    <datafield tag="667" ind1=" " ind2=" ">
      <subfield code="a">Red. SSG</subfield>
    </datafield>
    <datafield tag="670" ind1=" " ind2=" ">
      <subfield code="a">LMA,V,348</subfield>
    </datafield>
    <datafield tag="672" ind1=" " ind2="0">
      <subfield code="a">Baḥyê Ben-Yôsēf: Sēfer Ḥôvot hal-levāvôt</subfield>
      <subfield code="f">1765 = 525 [jüd. Zeit]</subfield>
    </datafield>
    <datafield tag="672" ind1=" " ind2="0">
      <subfield code="a">Yehûdā hal-Lēwî: Kôzārî</subfield>
      <subfield code="f">1660</subfield>
    </datafield>
    <datafield tag="672" ind1=" " ind2="0">
      <subfield code="a">Baḥyê Ben-Yôsēf: Sēfer hôvot hal-levāvôt</subfield>
      <subfield code="f">1691 = 451 [jüd. Zeit]</subfield>
    </datafield>
    <datafield tag="672" ind1=" " ind2="0">
      <subfield code="a">Yehûdā hal-Lēwî: Liber Cosri</subfield>
      <subfield code="f">1838</subfield>
    </datafield>
    <datafield tag="672" ind1=" " ind2="0">
      <subfield code="a">Yehûdā hal-Lēwî: Sepher Kusari. - 1838 - 1840</subfield>
    </datafield>
    <datafield tag="672" ind1=" " ind2="0">
      <subfield code="a">Yehûdā hal-Lēwî: Cuzary libro de grande sciencia y mucha doctrina</subfield>
      <subfield code="f">1663 = 5423</subfield>
    </datafield>
    <datafield tag="672" ind1=" " ind2="0">
      <subfield code="a">Yehûdā hal-Lēwî: Cosri sive Kusari</subfield>
      <subfield code="f">1594</subfield>
    </datafield>
    <datafield tag="672" ind1=" " ind2="0">
      <subfield code="a">Yehûdā hal-Lēwî: Liber Cosri</subfield>
      <subfield code="f">1660</subfield>
    </datafield>
    <datafield tag="672" ind1=" " ind2="0">
      <subfield code="a">Saa̋dja &lt;Ga'on&gt;: Scepher Aemunot sive liber de capitibus fidei</subfield>
      <subfield code="f">1647</subfield>
    </datafield>
    <datafield tag="672" ind1=" " ind2="0">
      <subfield code="a">Yehûdā hal-Lēwî: Sēfer hak-Kôzārî</subfield>
      <subfield code="f">1591 = 351 [jüd. Zeit]</subfield>
    </datafield>
    <datafield tag="672" ind1=" " ind2="0">
      <subfield code="a">Yehûdā hal-Lēwî: Sēfer hak-Kôzārî</subfield>
      <subfield code="f">1838</subfield>
    </datafield>
    <datafield tag="672" ind1=" " ind2="0">
      <subfield code="a">\=H PHYSICA HEBRAEA RABBI ABEN TYBBON, VT fertur, quae\=H, hoc est, Spiritus gratiae, ... 1555. (VD16 I 1)</subfield>
    </datafield>
    <datafield tag="672" ind1=" " ind2="0">
      <subfield code="a">\=H PHYSICA HEBRAEA RABBI ABEN TYBBON, VT fertur, quae \=H, hoc est, Spiritus gratiae, ... 1555. (VD16 ZV 8471)</subfield>
    </datafield>
    <datafield tag="678" ind1=" " ind2=" ">
      <subfield code="b">http://en.wikipedia.org/wiki/Judah_ben_Saul_ibn_Tibbon; http://he.wikipedia.org/wiki/%D7%99%D7%94%D7%95%D7%93%D7%94_%D7%90%D7%91%D7%9F_%D7%AA%D7%99%D7%91%D7%95%D7%9F</subfield>
    </datafield>
    <datafield tag="700" ind1="1" ind2="4">
      <subfield code="9">U:Hebr</subfield>
      <subfield code="a">אבן תבון, יהודה בן שאול</subfield>
      <subfield code="d">1120-1190</subfield>
      <subfield code="9">v:Original</subfield>
    </datafield>
    <datafield tag="700" ind1="1" ind2="4">
      <subfield code="9">U:Hebr</subfield>
      <subfield code="a">אבן תבון, יהודה בן שאול</subfield>
      <subfield code="d">1120-1190</subfield>
      <subfield code="5">DE-603</subfield>
    </datafield>
    <datafield tag="913" ind1=" " ind2=" ">
      <subfield code="S">pnd</subfield>
      <subfield code="i">a</subfield>
      <subfield code="a">Ibn-Tibbôn, Yehûdā Ben-Šā'ûl</subfield>
      <subfield code="0">(DE-588a)101006918</subfield>
    </datafield>
  </record>
